@ARTICLE{bowman:reasoning,
	AUTHOR = "Mic Bowman and Saumya K. Debray and Larry L. Peterson",
	TITLE = "Reasoning About Naming Systems",
	JOURNAL = "ACM Trans. Program. Lang. Syst.",
	VOLUME = {15},
	NUMBER = {5},
	PAGES = {795-825},
	MONTH = "November",
	YEAR = {1993}	}

@inproceedings{keogh-study,
  title={Querying and mining of time series data: experimental comparison of representations and distance measures},
  author={Ding, Hui and Trajcevski, Goce and Scheuermann, Peter and Wang, Xiaoyue and Keogh, Eamonn},
  booktitle={VLDB},
  year={2008}
}

@inproceedings{forecasting,
  title={Optimizing notifications of subscription-based forecast queries},
  author={Fischer, Ulrike and B{\"o}hm, Matthias and Lehner, Wolfgang and Pedersen, Torben Bach},
  booktitle={International Conference on Scientific and Statistical Database Management},
  pages={449--466},
  year={2012},
  organization={Springer}
}

@inproceedings{dtw,
  title={Searching and mining trillions of time series subsequences under dynamic time warping},
  author={Rakthanmanon, Thanawin and Campana, Bilson and Mueen, Abdullah and Batista, Gustavo and Westover, Brandon and Zhu, Qiang and Zakaria, Jesin and Keogh, Eamonn},
  booktitle={Proceedings of the 18th ACM SIGKDD international conference on Knowledge discovery and data mining},
  pages={262--270},
  year={2012},
  organization={ACM}
}

@online{smile,
title={SMILE
},
year={2008},
note={\url{http://haifengl.github.io/smile/}}}

@online{jtransforms,
title={JTransforms
},
year={2015},
note={\url{https://sites.google.com/site/piotrwendykier/software/jtransforms}}}

@article{udfa,
  title={Self-tuning cost modeling of user-defined functions in an object-relational DBMS},
  author={He, Zhen and Lee, Byung Suk and Snapp, Robert},
  journal={ACM Transactions on Database Systems (TODS)},
  year={2005}
}

@inproceedings{udfb,
  title={Self-tuning UDF cost modeling using the memory-limited quadtree},
  author={He, Zhen and Lee, Byung S and Snapp, Robert R},
  booktitle={International Conference on Extending Database Technology},
  pages={513--531},
  year={2004},
  organization={Springer}
}

@inproceedings{ctree,
  title={Cover trees for nearest neighbor},
  author={Beygelzimer, Alina and Kakade, Sham and Langford, John},
  booktitle={Proceedings of the 23rd international conference on Machine learning},
  pages={97--104},
  year={2006},
  organization={ACM}
}

@book{kdtree,
 author = {Samet, Hanan},
 title = {Foundations of Multidimensional and Metric Data Structures (The Morgan Kaufmann Series in Computer Graphics and Geometric Modeling)},
 year = {2005},
 isbn = {0123694469},
 publisher = {Morgan Kaufmann Publishers Inc.},
 address = {San Francisco, CA, USA},
} 



@article{bootstrap2,
  title={Improvements on cross-validation: the 632+ bootstrap method},
  author={Efron, Bradley and Tibshirani, Robert},
  journal={Journal of the American Statistical Association},
  volume={92},
  number={438},
  pages={548--560},
  year={1997},
  publisher={Taylor \& Francis}
}

@article{quakes,
  title={Locality-Sensitive Hashing for Earthquake Detection: A Case Study Scaling Data-Driven Science},
  author={Rong, Kexin and Yoon, Clara E and Bergen, Karianne J and Elezabi, Hashem and Bailis, Peter and Levis, Philip and Beroza, Gregory C},
  journal={Proceedings of the VLDB Endowment},
  year={2018},
  publisher={VLDB Endowment}
}


@article{ci1,
  title={Statistics: An introductory analysis},
  author={Yamane, Taro},
  year={1973},
  publisher={Harper \& Row New York, NY}
}

@article{bootstrap1,
  title={The big data bootstrap},
  author={Kleiner, Ariel and Talwalkar, Ameet and Sarkar, Purnamrita and Jordan, Michael},
  journal={arXiv preprint arXiv:1206.6415},
  year={2012}
}

@inproceedings{udfc,
  title={Statistical learning techniques for costing XML queries},
  author={Zhang, Ning and Haas, Peter J and Josifovski, Vanja and Lohman, Guy M and Zhang, Chun},
  booktitle={Proceedings of the 31st international conference on Very large data bases},
  year={2005},
}

@incollection{jolbook,
  title={Principal component analysis and factor analysis},
  author={Jolliffe, Ian T},
  booktitle={Principal component analysis},
  pages={115--128},
  year={1986},
  publisher={Springer}
}

@online{mtj,
title={matrix-toolkits-java
},
author={Sam Halliday and Bj√∏rn-Ove Heimsund},
year={2008},
note={\url{https://github.com/fommil/matrix-toolkits-java}}}

@article{mwpca,
  title={Process monitoring approach using fast moving window PCA},
  author={Wang, Xun and Kruger, Uwe and Irwin, George W},
  journal={Industrial \& Engineering Chemistry Research},
  year={2005},
  publisher={ACS Publications}
}

@inproceedings{Bismarck,
  title={Towards a unified architecture for in-RDBMS analytics},
  author={Feng, Xixuan and Kumar, Arun and Recht, Benjamin and R{\'e}, Christopher},
  booktitle={SIGMOD},
  year={2012},
}

@inproceedings{alecton,
 author = {De Sa, Christopher and Olukotun, Kunle and R{\'e}, Christopher},
 title = {Global Convergence of Stochastic Gradient Descent for Some Non-convex Matrix Problems},
 booktitle = {ICML},
 year = {2015}
} 

@inproceedings{search,
  title={Techniques for efficiently searching in spatial, temporal, spatio-temporal, and multimedia databases},
  author={Kriegel, Hans-Peter and Kr{\"o}ger, Peer and Renz, Matthias},
  booktitle={ICDE},
  year={2010},
  organization={IEEE}
}

@inproceedings{decade,
  title={A decade of progress in indexing and mining large time series databases},
  author={Keogh, Eamonn},
  booktitle={VLDB},
  year={2006}}

@article{tsne,
  title={Visualizing data using t-SNE},
  author={Maaten, Laurens van der and Hinton, Geoffrey},
  journal={Journal of Machine Learning Research},
  volume={9},
  number={Nov},
  pages={2579--2605},
  year={2008}
}

@inproceedings{shamir,
  title={A stochastic PCA and SVD algorithm with an exponential convergence rate},
  author={Shamir, Ohad},
  booktitle={ICML},
  pages={144--152},
  year={2015}
}

@inproceedings{pca-stoc,
 author = {Goyal, Navin and Vempala, Santosh and Xiao, Ying},
 title = {Fourier PCA and Robust Tensor Decomposition},
 booktitle = {STOC},
year={2014}}

@book{prml,
 author = {Bishop, Christopher M.},
 title = {Pattern Recognition and Machine Learning (Information Science and Statistics)},
 year = {2006},
 isbn = {0387310738},
 publisher = {Springer-Verlag New York, Inc.},
 address = {Secaucus, NJ, USA},
} 

@article{tropp,
  title={Finding structure with randomness: Probabilistic algorithms for constructing approximate matrix decompositions},
  author={Halko, Nathan and Martinsson, Per-Gunnar and Tropp, Joel A},
  journal={SIAM review},
  volume={53},
  number={2},
  pages={217--288},
  year={2011},
  publisher={SIAM}
}

@article{lowrank,
  title={Generalized low rank models},
  author={Udell, Madeleine and Horn, Corinne and Zadeh, Reza and Boyd, Stephen and others},
  journal={Foundations and Trends{\textregistered} in Machine Learning},
  volume={9},
  number={1},
  pages={1--118},
  year={2016},
  publisher={Now Publishers, Inc.}
}

@article{mahoney-survey,
  title={Randomized algorithms for matrices and data},
  author={Mahoney, Michael W and others},
  journal={Foundations and Trends{\textregistered} in Machine Learning},
  volume={3},
  number={2},
  pages={123--224},
  year={2011},
  publisher={Now Publishers, Inc.}
}

@inproceedings{bernstein,
  title={Streaming PCA: Matching Matrix Bernstein and Near-Optimal Finite
Sample Guarantees for Oja's Algorithm},
  author={Jain, Prateek and Jin, Chi and Kakade, Sham M and Netrapalli, Praneeth and Sidford, Aaron},
  booktitle={COLT},
  year={2016}
}

@book{nonlinear-dr,
  title={Nonlinear dimensionality reduction},
  author={Lee, John A and Verleysen, Michel},
  year={2007},
  publisher={Springer Science \& Business Media}
}

@article{lle,
  title={Nonlinear dimensionality reduction by locally linear embedding},
  author={Roweis, Sam T and Saul, Lawrence K},
  journal={Science},
  volume={290},
  number={5500},
  pages={2323--2326},
  year={2000},
  publisher={American Association for the Advancement of Science}
}

@inproceedings{local-dr,
  title={Local dimensionality reduction: A new approach to indexing high dimensional spaces},
  author={Chakrabarti, Kaushik and Mehrotra, Sharad},
  booktitle={VLDB},
  year={2000}
}

@article{sax,
  title={Experiencing SAX: a novel symbolic representation of time series},
  author={Lin, Jessica and Keogh, Eamonn and Li, Wei and Lonardi, Stefano},
  journal={Data Mining and knowledge discovery},
  volume={15},
  number={2},
  pages={107},
  year={2007},
  publisher={Springer}
}

@inproceedings{hotsax,
  title={Hot sax: Efficiently finding the most unusual time series subsequence},
  author={Keogh, Eamonn and Lin, Jessica and Fu, Ada},
  booktitle={ICDM},
  year={2005}
}

@inproceedings{tkde,
  title={Scalable Kernel Density Classification via Threshold-Based Pruning},
  author={Gan, Edward and Bailis, Peter},
  booktitle={SIGMOD},
  year={2017}
}

@inproceedings{qpi1,
  title={A lightweight online framework for query progress indicators},
  author={Mishra, Chaitanya and Koudas, Nick},
  booktitle={ICDE},
  year={2007}
}

@inproceedings{gigascope,
  title={Gigascope: a stream database for network applications},
  author={Cranor, Chuck and Johnson, Theodore and Spataschek, Oliver and Shkapenyuk, Vladislav},
  booktitle={SIGMOD},
  year={2003}
}

@inproceedings{wavescope,
  title={Wavescope: a signal-oriented data stream management system},
  author={Girod, Lewis and others},
  booktitle={ICDE},
  year={2006}
}

@inproceedings{scorpion,
  title={Scorpion: Explaining away outliers in aggregate queries},
  author={Wu, Eugene and Madden, Samuel},
  booktitle={VLDB},
  year={2013}
}

@inproceedings{mcdb,
  title={{MCDB}: a {Monte Carlo} approach to managing uncertain data},
  author={Jampani, Ravi and Xu, Fei and Wu, Mingxi and Perez, Luis Leopoldo and Jermaine, Christopher and Haas, Peter J},
  booktitle={SIGMOD},
  year={2008}
}

@inproceedings{zenvisage,
  title={Effortless data exploration with zenvisage: an expressive and interactive visual analytics system},
  author={Siddiqui, Tarique and Kim, Albert and Lee, John and Karahalios, Karrie and Parameswaran, Aditya},
  booktitle={VLDB},
  year={2016}
}

@ARTICLE{kraska-viz, 
author={E. Zgraggen and A. Galakatos and A. Crotty and J. D. Fekete and T. Kraska}, 
journal={IEEE Transactions on Visualization and Computer Graphics}, 
title={How Progressive Visualizations Affect Exploratory Analysis}, 
year={2016}}

@inproceedings{canopy,
  title={Data Canopy: Accelerating Exploratory Statistical Analysis},
  author={Wasay, Abdul and Wei, Xinding and Dayan, Niv and Idreos, Stratos},
  booktitle={SIGMOD},
  year={2017}
}

@article{siddiqui2016effortless,
  title={Effortless data exploration with zenvisage: an expressive and interactive visual analytics system},
  author={Siddiqui, Tarique and Kim, Albert and Lee, John and Karahalios, Karrie and Parameswaran, Aditya},
  journal={Proceedings of the VLDB Endowment},
  volume={10},
  number={4},
  pages={457--468},
  year={2016},
  publisher={VLDB Endowment}
}

@inproceedings{explanation-tutorial,
  title={Causality and explanations in databases},
  author={Meliou, Alexandra and Roy, Sudeepa and Suciu, Dan},
  booktitle={VLDB},
  year={2014}
}

@inproceedings{plato,
  title={Combining Databases and Signal Processing in Plato.},
  author={Katsis, Yannis and Freund, Yoav and Papakonstantinou, Yannis},
  booktitle={CIDR},
  year={2015}
}

@inproceedings{trill-signal,
  title={Enabling Signal Processing over Data Streams},
  author={Nikolic, Milos and Chandramouli, Badrish and Goldstein, Jonathan},
  booktitle={SIGMOD},
  year={2017},
  organization={ACM}
}

@inproceedings{mr-predict,
  title={Estimating the progress of MapReduce pipelines},
  author={Morton, Kristi and Friesen, Abram and Balazinska, Magdalena and Grossman, Dan},
  booktitle={ICDE},
  year={2010}
}

@inproceedings{mlbase,
  title={MLbase: A Distributed Machine-learning System.},
  author={Kraska, Tim and Talwalkar, Ameet and Duchi, John C and Griffith, Rean and Franklin, Michael J and Jordan, Michael I},
  booktitle={CIDR},
  year={2013}
}

@inproceedings{jennie-pred,
  title={Performance prediction for concurrent database workloads},
  author={Duggan, Jennie and Cetintemel, Ugur and Papaemmanouil, Olga and Upfal, Eli},
  booktitle={SIGMOD},
  year={2011}
}

@inproceedings{qpi3,
  title={Self-tuning database systems: a decade of progress},
  author={Chaudhuri, Surajit and Narasayya, Vivek},
  booktitle={VLDB},
  year={2007},
  organization={VLDB Endowment}
}
@inproceedings{qpi2,
  title={Estimating progress of execution for SQL queries},
  author={Chaudhuri, Surajit and Narasayya, Vivek and Ramamurthy, Ravishankar},
  booktitle={SIGMOD},
  year={2004}
}



@inproceedings{barzan-keynote,
  title={Approximate query engines: Commercial challenges and research opportunities},
  author={Mozafari, Barzan},
  booktitle={SIGMOD},
  year={2017}
}

@article{randnla,
  title={Rand{NLA}: randomized numerical linear algebra},
  author={Drineas, Petros and Mahoney, Michael W},
  journal={Communications of the ACM},
  volume={59},
  number={6},
  pages={80--90},
  year={2016},
  publisher={ACM}
}

@inproceedings{kai-boot,
  title={The analytical bootstrap: a new method for fast error estimation in approximate query processing},
  author={Zeng, Kai and Gao, Shi and Mozafari, Barzan and Zaniolo, Carlo},
  booktitle={SIGMOD},
  year={2014}}

@inproceedings{blinkdb,
  title={BlinkDB: queries with bounded errors and bounded response times on very large data},
  author={Agarwal, Sameer and Mozafari, Barzan and Panda, Aurojit and Milner, Henry and Madden, Samuel and Stoica, Ion},
  booktitle={Proceedings of the 8th ACM European Conference on Computer Systems},
  pages={29--42},
  year={2013},
  organization={ACM}
}

@inproceedings{dtwslow,
  title={Scaling up dynamic time warping to massive datasets},
  author={Keogh, Eamonn J and Pazzani, Michael J},
  booktitle={European Conference on Principles of Data Mining and Knowledge Discovery},
  pages={1--11},
  year={1999},
  organization={Springer}
}

@inproceedings{isaxorig,
  title={i SAX: indexing and mining terabyte sized time series},
  author={Shieh, Jin and Keogh, Eamonn},
  booktitle={Proceedings of the 14th ACM SIGKDD international conference on Knowledge discovery and data mining},
  pages={623--631},
  year={2008},
  organization={ACM}
}

@inproceedings{ssh,
  title={SSH (Sketch, Shingle, \& Hash) for Indexing Massive-Scale Time Series},
  author={Luo, Chen and Shrivastava, Anshumali},
  booktitle={NIPS 2016 Time Series Workshop},
  pages={38--58},
  year={2017}
}

@article{coconut,
  title={Coconut: A scalable bottom-up approach for building data series indexes},
  author={Kondylakis, Haridimos and Dayan, Niv and Zoumpatianos, Kostas and Palpanas, Themis},
  journal={Proceedings of the VLDB Endowment},
  volume={11},
  number={6},
  pages={677--690},
  year={2018},
  publisher={VLDB Endowment}
}

@article{isax,
  title={Beyond one billion time series: indexing and mining very large time series collections with iSAX2+},
  author={Camerra, Alessandro and Shieh, Jin and Palpanas, Themis and Rakthanmanon, Thanawin and Keogh, Eamonn},
  journal={Knowledge and information systems},
  volume={39},
  number={1},
  pages={123--151},
  year={2014},
  publisher={Springer}
}

@inproceedings{surajit-sample,
  title={Dynamic sample selection for approximate query processing},
  author={Babcock, Brian and Chaudhuri, Surajit and Das, Gautam},
  booktitle={Proceedings of the 2003 ACM SIGMOD international conference on Management of data},
  pages={539--550},
  year={2003},
  organization={ACM}
}

@article{surajit-2,
  title={Optimized stratified sampling for approximate query processing},
  author={Chaudhuri, Surajit and Das, Gautam and Narasayya, Vivek},
  journal={ACM Transactions on Database Systems (TODS)},
  volume={32},
  number={2},
  pages={9},
  year={2007},
  publisher={ACM}
}

@inproceedings{gibbons-sample,
  title={New sampling-based summary statistics for improving approximate query answers},
  author={Gibbons, Phillip B and Matias, Yossi},
  booktitle={SIGMOD},
  year={1998}
}

@article{olken-thesis,
  title={Random sampling from databases: a survey},
  author={Olken, Frank and Rotem, Doron},
  journal={Statistics and Computing},
  volume={5},
  number={1},
  pages={25--42},
  year={1995},
  publisher={Springer}
}

@article{ihab-topk,
  title={A survey of top-k query processing techniques in relational database systems},
  author={Ilyas, Ihab F and Beskales, George and Soliman, Mohamed A},
  journal={ACM Computing Surveys (CSUR)},
  volume={40},
  number={4},
  pages={11},
  year={2008},
  publisher={ACM}
}

@inproceedings{charu-ss,
  title={On the effects of dimensionality reduction on high dimensional similarity search},
  author={Aggarwal, Charu C},
  booktitle={PODS},
  year={2001}
}

@misc{emc,
title={The Digital Universe of Opportunities: Rich Data and the Increasing Value of the Internet of Things},
author={IDC},
year={2014},
note={\url{http://www.emc.com/leadership/digital-universe/}}}


@inproceedings{macrobase,
 author = {Bailis, Peter and Gan, Edward and Madden, Samuel and Narayanan, Deepak and Rong, Kexin and Suri, Sahaana},
 title = {MacroBase: Prioritizing Attention in Fast Data},
 booktitle = {SIGMOD},
 year = {2017},
 publisher = {ACM},
} 

@inproceedings{macrobase-cidr,
 author = {Bailis, Peter and Gan, Edward and Rong, Kexin and Suri, Sahaana},
 title = {Prioritizing Attention in Fast Data: Principles and Promise},
 booktitle = CIDR,
 year = {2017}
} 


@inproceedings{onlineagg,
  title={Online aggregation},
  author={Hellerstein, Joseph M and Haas, Peter J and Wang, Helen J},
  booktitle={SIGMOD},
  year={1997}
}

@article{paa,
  title={Dimensionality reduction for fast similarity search in large time series databases},
  author={Keogh, Eamonn and Chakrabarti, Kaushik and Pazzani, Michael and Mehrotra, Sharad},
  journal={Knowledge and information Systems},
  volume={3},
  number={3},
  pages={263--286},
  year={2001},
  publisher={Springer}
}

@misc{ucr,
title={The UCR Time Series Classification Archive},
author={ Chen, Yanping and Keogh, Eamonn and Hu, Bing and Begum, Nurjahan and Bagnall, Anthony and Mueen, Abdullah and Batista, Gustavo},
year={2015},
month={July},
note = {\url{www.cs.ucr.edu/~eamonn/time_series_data/}}
}



@inproceedings{humming-index,
  title={Warping indexes with envelope transforms for query by humming},
  author={Zhu, Yunyue and Shasha, Dennis},
  booktitle={SIGMOD},
  year={2003}
}

@article{time-series-dm,
  title={Time-series data mining},
  author={Esling, Philippe and Agon, Carlos},
  journal={ACM Computing Surveys (CSUR)},
  volume={45},
  number={1},
  pages={12},
  year={2012},
  publisher={ACM}
}

@inproceedings{dynamic-ss,
  title={Dimensionality reduction for similarity searching in dynamic databases},
  author={Ravi Kanth, KV and Agrawal, Divyakant and Singh, Ambuj},
  booktitle={SIGMOD},
  year={1998}
}

@inproceedings{kdd-vis,
  title={Non-linear dimensionality reduction techniques for classification and visualization},
  author={Vlachos, Michail and Domeniconi, Carlotta and Gunopulos, Dimitrios and Kollios, George and Koudas, Nick},
  booktitle={KDD},
  year={2002}
}

@book{quantization,
  title={Vector quantization and signal compression},
  author={Gersho, Allen and Gray, Robert M},
  volume={159},
  year={2012},
  publisher={Springer Science \& Business Media}
}

@inproceedings{lowrank-appx,
  title={Generalized low rank approximations of matrices},
  author={Ye, Jieping},
  booktitle={ICML},
  year={2004}
}

@book{dm-book,
  title={Data mining: concepts and techniques},
  author={Han, Jiawei and Pei, Jian and Kamber, Micheline},
  year={2011},
  publisher={Elsevier}
}

@book{gemini,
  title={Fast subsequence matching in time-series databases},
  author={Faloutsos, Christos and Ranganathan, Mudumbai and Manolopoulos, Yannis},
  booktitle={SIGMOD},
  year={1994}
}

@article{keogh-ss,
  title={A simple dimensionality reduction technique for fast similarity search in large time series databases},
  author={Keogh, Eamonn and Pazzani, Michael},
  journal={Knowledge Discovery and Data Mining. Current Issues and New Applications},
  pages={122--133},
  year={2000},
  publisher={Springer}
}

@article{keogh-indexing,
  title={Locally adaptive dimensionality reduction for indexing large time series databases},
  author={Keogh, Eamonn and Chakrabarti, Kaushik and Pazzani, Michael and Mehrotra, Sharad},
  journal={ACM Sigmod Record},
  volume={30},
  number={2},
  pages={151--162},
  year={2001},
  publisher={ACM}
}


@book{wand,
  title={Kernel Smoothing},
  author={Wand, M.P. and Jones, M.C.},
  isbn={9780412552700},
  lccn={94079767},
  series={Chapman \& Hall/CRC Monographs on Statistics \& Applied Probability},
  url={https://books.google.com/books?id=GTOOi5yE008C},
  year={1994},
  publisher={Taylor \& Francis}
}

@inproceedings{hardexample,
  title={Training region-based object detectors with online hard example mining},
  author={Shrivastava, Abhinav and Gupta, Abhinav and Girshick, Ross},
  booktitle={CVPR},
  year={2016}
}

@book{stats-book,
  title={Probability and Computing: Randomization and Probabilistic Techniques in Algorithms and Data Analysis},
  author={Mitzenmacher, Michael and Upfal, Eli},
  year={2017},
  publisher={Cambridge university press}
}

@inproceedings{dbscan,
  title={A density-based algorithm for discovering clusters in large spatial databases with noise},
  author={Ester, Martin and Kriegel, Hans-Peter and Sander, J{\"o}rg and Xu, Xiaowei and others},
  booktitle={KDD},
  year={1996}
}

@article{mnist,
  title={The {MNIST} database of handwritten digits},
  author={LeCun, Yann},
  journal={http://yann. lecun.com/exdb/mnist/},
  year={1998}
}

@inproceedings{imdb,
  title={Learning Word Vectors for Sentiment Analysis},
  author={Andrew L. Maas, Raymond E. Daly, Peter T. Pham, Dan Huang, Andrew Y. Ng, and Christopher Potts},
  booktitle={ACL 2011},
  year={2011}
}

@article{coresets,
  title={Coresets, sparse greedy approximation, and the Frank-Wolfe algorithm},
  author={Clarkson, Kenneth L},
  journal={ACM Transactions on Algorithms (TALG)},
  volume={6},
  number={4},
  pages={63},
  year={2010},
  publisher={ACM}
}


@book{mcbook,
   author = {Art B. Owen},
   year = 2013,
   title = {Monte Carlo theory, methods and examples}
}

@inproceedings{rp,
 author = {Achlioptas, Dimitris},
 title = {Database-friendly Random Projections},
 booktitle = {PODS},
 year = {2001}
} 

@book{trefethen,
  title={Numerical linear algebra},
  author={Trefethen, Lloyd N and Bau III, David},
  volume={50},
  year={1997},
  publisher={Siam}
}

@article{dr-survey1,
  title={Linear dimensionality reduction: survey, insights, and generalizations.},
  author={Cunningham, John P and Ghahramani, Zoubin},
  journal={Journal of Machine Learning Research},
  volume={16},
  number={1},
  pages={2859--2900},
  year={2015}
}

@techreport{dr-survey2,
  title={A survey of dimension reduction techniques},
  author={Fodor, Imola K},
  year={2002},
  institution={Lawrence Livermore National Lab., CA (US)}
}

@article{dr-estimation,
  title={Data dimensionality estimation methods: a survey},
  author={Camastra, Francesco},
  journal={Pattern recognition},
  volume={36},
  number={12},
  pages={2945--2954},
  year={2003},
  publisher={Elsevier}
}

@inproceedings{lsh,
  title={Similarity search in high dimensions via hashing},
  author={Gionis, Aristides and Indyk, Piotr and Motwani, Rajeev and others},
  booktitle={VLDB},
  volume={99},
  number={6},
  pages={518--529},
  year={1999}
}

@article{dr-comparative,
  title={Dimensionality reduction: a comparative},
  author={Van Der Maaten, Laurens and Postma, Eric and Van den Herik, Jaap},
  journal={J Mach Learn Res},
  volume={10},
  pages={66--71},
  year={2009}
}

@ARTICLE{braams:babel,
	AUTHOR = "Johannes Braams",
	TITLE = "Babel, a Multilingual Style-Option System for Use with LaTeX's Standard Document Styles",
	JOURNAL = {TUGboat},
	VOLUME = {12},
	NUMBER = {2},
	PAGES = {291-301},
	MONTH = "June",
	YEAR = {1991}	}

@INPROCEEDINGS{clark:pct,
	AUTHOR = "Malcolm Clark",
	TITLE = "Post Congress Tristesse",
	BOOKTITLE = "TeX90 Conference Proceedings",
	PAGES = "84-89",
	ORGANIZATION = "TeX Users Group",
	MONTH = "March", 
	YEAR = {1991}	}

@ARTICLE{herlihy:methodology,
	AUTHOR = "Maurice Herlihy",
	TITLE = "A Methodology for Implementing Highly Concurrent
	Data Objects",
	JOURNAL = {ACM Trans. Program. Lang. Syst.},
	VOLUME = {15},
	NUMBER = {5},
	PAGES = {745-770},
	MONTH = "November",
	YEAR = {1993}	}

@BOOK{Lamport:LaTeX,
	AUTHOR = "Leslie Lamport",
	TITLE = "LaTeX User's Guide and Document Reference Manual",
	PUBLISHER = "Addison-Wesley Publishing Company",
	ADDRESS = "Reading, Massachusetts",
	YEAR = "1986"	}

@BOOK{salas:calculus,
	AUTHOR = "S.L. Salas and Einar Hille",
	TITLE = "Calculus: One and Several Variable",
	PUBLISHER = "John Wiley and Sons",
	ADDRESS = "New York",
	YEAR = "1978"	}

@inproceedings{ppca-sigmod,
  title={sPCA: Scalable Principal Component Analysis for Big Data on Distributed Platforms},
  author={Elgamal, Tarek and Yabandeh, Maysam and Aboulnaga, Ashraf and Mustafa, Waleed and Hefeeda, Mohamed},
  booktitle={SIGMOD},
  year={2015}
}

@inproceedings{re-new,
  title={Accelerated Stochastic Power Iteration},
  author={De Sa, Christopher and He, Bryan and Mitliagkas, Ioannis and  Re, Chris and Xu, Peng},
  booktitle={Artificial Intelligence and Statistics},
  year={2018}
}

@inproceedings{fma,
  title={FMA: A Dataset For Music Analysis},
  author={Defferrard, Micha{\"e}l and Benzi, Kirell and Vandergheynst, Pierre and Bresson, Xavier},
  booktitle={18th International Society for Music Information Retrieval Conference},
  year={2017}
}



@article{estspec,
  title = "Spectrum Estimation from Samples",
  author = "W. Kong and G. Valiant",
  journal="Annals of Statistics",
  volume = "45",
  number = "5",
  pages="2218--2247",
  year = "2017",
}



@inproceedings{knn1,
  title={Distance metric learning for large margin nearest neighbor classification},
  author={Weinberger, Kilian Q and Blitzer, John and Saul, Lawrence K},
  booktitle={Advances in neural information processing systems},
  pages={1473--1480},
  year={2006}
}

@inproceedings{knn2,
  title={Learning a nonlinear embedding by preserving class neighbourhood structure},
  author={Salakhutdinov, Ruslan and Hinton, Geoff},
  booktitle={Artificial Intelligence and Statistics},
  pages={412--419},
  year={2007}
}

@inproceedings{knn3,
  title={A deep non-linear feature mapping for large-margin knn classification},
  author={Min, Renqiang and Stanley, David A and Yuan, Zineng and Bonner, Anthony and Zhang, Zhaolei},
  booktitle={Data Mining, 2009. ICDM'09. Ninth IEEE International Conference on},
  pages={357--366},
  year={2009},
  organization={IEEE}
}

@article{reservoir,
  title={Random sampling with a reservoir},
  author={Vitter, Jeffrey S},
  journal={ACM Transactions on Mathematical Software (TOMS)},
  volume={11},
  number={1},
  pages={37--57},
  year={1985},
  publisher={ACM}
}

@inproceedings{cp1,
  title={Event detection from time series data},
  author={Guralnik, Valery and Srivastava, Jaideep},
  booktitle={Proceedings of the fifth ACM SIGKDD international conference on Knowledge discovery and data mining},
  pages={33--42},
  year={1999},
  organization={ACM}
}

@article{cp2,
  title={Optimal detection of changepoints with a linear computational cost},
  author={Killick, Rebecca and Fearnhead, Paul and Eckley, Idris A},
  journal={Journal of the American Statistical Association},
  volume={107},
  number={500},
  pages={1590--1598},
  year={2012},
  publisher={Taylor \& Francis}
}

@online{annglove,
title={ANN Benchmarks
},
year={2018},
note={\url{http://ann-benchmarks.com/}}}

@inproceedings{glove,
  title={Glove: Global vectors for word representation},
  author={Pennington, Jeffrey and Socher, Richard and Manning, Christopher},
  booktitle={Proceedings of the 2014 conference on empirical methods in natural language processing (EMNLP)},
  pages={1532--1543},
  year={2014}
}

@article{fashion,
  title={Fashion-mnist: a novel image dataset for benchmarking machine learning algorithms},
  author={Xiao, Han and Rasul, Kashif and Vollgraf, Roland},
  journal={arXiv preprint arXiv:1708.07747},
  year={2017}
}

@online{isaxcode,
title={DPiSAX
},
year={2017},
note={\url{http://djameledine-yagoubi.info/projects/DPiSAX/
}}}

@online{scipy,
title={SciPy
},
year={2018},
note={\url{https://www.scipy.org/
}}}

@online{mkl,
title={Intel MKL
},
year={2018},
note={\url{https://software.intel.com/en-us/mkl
}}}

@online{netlib,
title={netlib-java
},
year={2017},
note={\url{https://github.com/fommil/netlib-java
}}}



@inproceedings{
allbut,
title={All-but-the-Top: Simple and Effective Postprocessing for Word Representations},
author={Jiaqi Mu and Pramod Viswanath},
booktitle={International Conference on Learning Representations},
year={2018},
}




