@inproceedings{obs-confluence,
booktitle={ICLP 2007},
title={Observable Confluence for Constraint Handling Rules},
url={http://dx.doi.org/10.1007/978-3-540-74610-2_16},
author={Duck, GregoryJ. and Stuckey, PeterJ. and Sulzmann, Martin}}

@article{anomaly-survey1,
  title={Anomaly detection: A survey},
  author={Chandola, Varun and Banerjee, Arindam and Kumar, Vipin},
  journal={ACM computing surveys (CSUR)},
  volume={41},
  number={3},
  pages={15},
  year={2009},
  publisher={ACM}
}

@article{anomaly-survey2,
  title={A survey of outlier detection methodologies},
  author={Hodge, Victoria J and Austin, Jim},
  journal={Artificial Intelligence Review},
  volume={22},
  number={2},
  pages={85--126},
  year={2004},
  publisher={Springer}
}

@online{spmf-lib,
author={Philippe Fournier-Viger},
title={{SPMF: An Open-Source Data Mining Library -- Performance}},
year={2015},
note={\url{http://www.philippe-fournier-viger.com/spmf/}}}

@inproceedings{dean-dist,
  title={Large scale distributed deep networks},
  author={Dean, Jeffrey and others},
  booktitle={NIPS},
  year={2012}
}

@book{inverse,
  title={Generalized inverses: theory and applications},
  author={Ben-Israel, Adi and Greville, Thomas NE},
  volume={15},
  year={2003},
  publisher={Springer Science \& Business Media}
}


@article{rkde,
  title={Robust kernel density estimation},
  author={Kim, JooSeuk and Scott, Clayton D},
  journal={The Journal of Machine Learning Research},
  volume={13},
  number={1},
  pages={2529--2565},
  year={2012},
  publisher={JMLR. org}
}
@incollection{quantiles,
  title={Quantiles on streams},
  author={Buragohain, Chiranjeeb and Suri, Subhash},
  booktitle={Encyclopedia of Database Systems},
  pages={2235--2240},
  year={2009},
  publisher={Springer}
}

@book{aggarwal-book,
  author={Aggarwal, Charu C},
  title={Outlier Analysis},
  year={2013},
  publisher={Springer}
}

@article{fraud1,
  title={Statistical fraud detection: A review},
  author={Bolton, Richard J and Hand, David J},
  journal={Statistical science},
  pages={235--249},
  year={2002},
  publisher={JSTOR}
}

@article{fraud2,
  title={A comprehensive survey of data mining-based fraud detection research},
  author={Phua, Clifton and Lee, Vincent and Smith, Kate and Gayler, Ross},
  journal={arXiv preprint arXiv:1009.6119},
  year={2010}
}

@book{nids1,
  title={Intrusion detection: network security beyond the firewall},
  author={Escamilla, Terry},
  year={1998},
  publisher={John Wiley \& Sons, Inc.}
}

@article{nids2,
  title={Network intrusion detection},
  author={Mukherjee, Biswanath and Heberlein, L Todd and Levitt, Karl N},
  journal={Network, IEEE},
  volume={8},
  number={3},
  pages={26--41},
  year={1994},
  publisher={IEEE}
}

@article{industrial1,
  title={An overview of time-based and condition-based maintenance in industrial application},
  author={Ahmad, Rosmaini and Kamaruddin, Shahrul},
  journal={Computers \& Industrial Engineering},
  volume={63},
  number={1},
  pages={135--149},
  year={2012},
  publisher={Elsevier}
}

@book{industrial2,
  title={Maintenance for industrial systems},
  author={Manzini, Riccardo and Regattieri, Alberto and Pham, Hoang and Ferrari, Emilio},
  year={2009},
  publisher={Springer Science \& Business Media}
}

@article{mcd-survey,
  title={Minimum covariance determinant},
  author={Hubert, Mia and Debruyne, Michiel},
  journal={Wiley interdisciplinary reviews: Computational statistics},
  volume={2},
  number={1},
  pages={36--43},
  year={2010},
  publisher={Wiley Online Library}
}


@article{mcd-first,
  title={Multivariate estimation with high breakdown point},
  author={Rousseeuw, Peter J},
  journal={Mathematical statistics and applications},
  volume={8},
  pages={283--297},
  year={1985}
}

@book{tukey-book,
  title={Understanding robust and exploratory data analysis},
  author={Hoaglin, David Caster and Mosteller, Frederick and Tukey, John Wilder},
  volume={3},
  year={1983},
  publisher={Wiley New York}
}

@book{robust-huber,
  title={Robust statistics},
  author={Huber, Peter J},
  year={2011},
  publisher={Springer}
}

@book{robust-maronna,
  title={Robust statistics},
  author={Maronna, RARD and Martin, Douglas and Yohai, Victor},
  year={2006},
  publisher={John Wiley \& Sons, Chichester. ISBN}
}

@article{smartdust,
  title={Smart dust: Communicating with a cubic-millimeter computer},
  author={Warneke, Brett and others},
  journal={Computer},
  volume={34},
  number={1},
  pages={44--51},
  year={2001},
  publisher={IEEE}
}

@article{sensornets,
  title={Wireless sensor networks: a survey},
  author={Akyildiz, Ian F and Su, Weilian and Sankarasubramaniam, Yogesh and Cayirci, Erdal},
  journal={Computer networks},
  volume={38},
  number={4},
  pages={393--422},
  year={2002},
  publisher={Elsevier}
}

@article{ubicomp,
  title={Some computer science issues in ubiquitous computing},
  author={Weiser, Mark},
  journal={Communications of the ACM},
  volume={36},
  number={7},
  pages={75--84},
  year={1993},
  publisher={ACM}
}

@book{mckinsey-iot,
  title={McKinsey Global Institute: The internet of things: mapping the value beyond the hype},
  author={Manyika, James},
 
  year={2015}
}

@inproceedings{tag,
  title={{TAG}: A tiny aggregation service for ad-hoc sensor networks},
  author={Madden, Samuel and others},
  booktitle={OSDI},
  year={2002}
}

@article{sensor-anomaly2,
  title={Anomaly detection in wireless sensor networks: A survey},
  author={Xie, Miao and Han, Song and Tian, Biming and Parvin, Sazia},
  journal={Journal of Network and Computer Applications},
  volume={34},
  number={4},
  pages={1302--1325},
  year={2011},
  publisher={Elsevier}
}

@article{sensor-anomaly1,
  title={Anomaly detection in wireless sensor networks},
  author={Rajasegarar, Sutharshan and Leckie, Christopher and Palaniswami, Marimuthu},
  journal={Wireless Communications, IEEE},
  volume={15},
  number={4},
  pages={34--40},
  year={2008},
  publisher={IEEE}
}
@inproceedings{model-driven,
  title={Model-driven data acquisition in sensor networks},
  author={Deshpande, Amol and others},
  booktitle={VLDB},
  year={2004}
}

@article{cormode-survey,
  title={Synopses for massive data: Samples, histograms, wavelets, sketches},
  author={Cormode, Graham and Garofalakis, Minos and Haas, Peter J and Jermaine, Chris},
  journal={Foundations and Trends in Databases},
  volume={4},
  number={1--3},
  pages={1--294},
  year={2012},
  publisher={Now Publishers Inc.}
}

@incollection{fpm-streams,
  title={Frequent pattern mining in data streams},
  author={Jin, Ruoming and Agrawal, Gagan},
  booktitle={Data Streams},
  pages={61--84},
  year={2007},
  publisher={Springer}
}

@article{cormode-item-survey,
  title={Methods for finding frequent items in data streams},
  author={Cormode, Graham and Hadjieleftheriou, Marios},
  journal={The VLDB Journal},
  volume={19},
  number={1},
  pages={3--20},
  year={2010},
  publisher={Springer}
}

@inproceedings{cormode-decay,
  title={Exponentially decayed aggregates on data streams},
  author={Cormode, Graham and Korn, Flip and Tirthapura, Srikanta},
  booktitle={ICDE},
  year={2008},
  organization={IEEE}
}

@incollection{spacesaving,
  title={Efficient computation of frequent and top-k elements in data streams},
  author={Metwally, Ahmed and others},
  booktitle={ICDT},
  year={2005},
  publisher={Springer}
}

@article{fastmcd,
  title={A fast algorithm for the minimum covariance determinant estimator},
  author={Rousseeuw, Peter J and Driessen, Katrien Van},
  journal={Technometrics},
  volume={41},
  number={3},
  pages={212--223},
  year={1999},
  publisher={Taylor \& Francis Group}
}

@article{reservoirsample,
  title={Random sampling with a reservoir},
  author={Vitter, Jeffrey S},
  journal={ACM Transactions on Mathematical Software (TOMS)},
  volume={11},
  number={1},
  pages={37--57},
  year={1985},
  publisher={ACM}
}

@inproceedings{aggarwal-sample,
  title={On biased reservoir sampling in the presence of stream evolution},
  author={Aggarwal, Charu C},
  booktitle={VLDB},
  year={2006}
}

@incollection{efraimidis-sampling,
  title={Weighted random sampling over data streams},
  author={Efraimidis, Pavlos S},
  booktitle={Algorithms, Probability, Networks, and Games},
  pages={183--195},
  year={2015},
  publisher={Springer}
}

@article{achao,
  title={A general purpose unequal probability sampling plan},
  author={Chao, MT},
  journal={Biometrika},
  volume={69},
  number={3},
  pages={653--656},
  year={1982},
  publisher={Biometrika Trust}
}

@article{cps-tree,
  title={Sliding window-based frequent pattern mining over data streams},
  author={Tanbeer, Syed Khairuzzaman and others},
  journal={Information sciences},
  volume={179},
  number={22},
  pages={3843--3865},
  year={2009},
  publisher={Elsevier}
}

@article{itemset-streams,
  title={A survey on algorithms for mining frequent itemsets over data streams},
  author={Cheng, James and others},
  journal={Knowledge and Information Systems},
  volume={16},
  number={1},
  pages={1--27},
  year={2008},
  publisher={Springer}
}

@article{patternmining,
  title={Frequent pattern mining: current status and future directions},
  author={Han, Jiawei and others},
  journal={Data Mining and Knowledge Discovery},
  volume={15},
  number={1},
  pages={55--86},
  year={2007},
  publisher={Springer}
}

@inproceedings{fpgrowth,
  title={Mining frequent patterns without candidate generation},
  author={Han, Jiawei and Pei, Jian and Yin, Yiwen},
  booktitle={SIGMOD},
  year={2000}
}

@inproceedings{scorpion,
  title={Scorpion: Explaining away outliers in aggregate queries},
  author={Wu, Eugene and Madden, Samuel},
  booktitle={VLDB},
  year={2013}
}

@inproceedings{suciu-cube,
  title={A formal approach to finding explanations for database queries},
  author={Roy, Sudeepa and Suciu, Dan},
  booktitle={SIGMOD},
  year={2014}
}

@inproceedings{cartel,
  title={CarTel: a distributed mobile sensor computing system},
  author={Hull, Bret and others},
  booktitle={SenSys},
  year={2006}
}

@inproceedings{deepdive,
  title={Incremental knowledge base construction using {DeepDive}},
  author={Shin, Jaeho and others},
  booktitle={VLDB},
  year={2015}
}

@online{amazon-postmortem,
title={Summary of the {Amazon DynamoDB} Service Disruption and Related Impacts in the {US-East} Region},
year={2015},
note={\url{https://aws.amazon.com/message/5467D2/}}}

@online{horsehead,
title={{US Chemical Safety Board:} Analysis of {Horsehead Corporation Monaca Refinery} Fatal Explosion and Fire},
author={William H Hunter},
year={2015},
note={\url{http://www.csb.gov/horsehead-holding-company-fatal-explosion-and-fire/}}}

@inproceedings{cleaning,
  title={Descriptive and prescriptive data cleaning},
  author={Chalamalla, Anup and Ilyas, Ihab F and Ouzzani, Mourad and Papotti, Paolo},
  booktitle={SIGMOD},
  year={2014}
}

@inproceedings{dataxray,
  title={Data x-ray: A diagnostic tool for data errors},
  author={Wang, Xiaolan and Dong, Xin Luna and Meliou, Alexandra},
  booktitle={SIGMOD},
  year={2015}
}

@inproceedings{telegraphcq,
  title={{TelegraphCQ}: Continuous Dataflow Processing for an
Uncertain World},
  author={Chandrasekaran, Sirish others},
  booktitle={CIDR},
  year={2003}
}

@article{hellerstein-survey,
  title={Quantitative data cleaning for large databases},
  author={Hellerstein, Joseph M},
  journal={United Nations Economic Commission for Europe (UNECE)},
  year={2008}
}

@inproceedings{borealis,
  title={The Design of the Borealis Stream Processing Engine.},
  author={Abadi, Daniel J and Ahmad, Yanif and Balazinska, Magdalena and Cetintemel, Ugur and Cherniack, Mitch and Hwang, Jeong-Hyon and Lindner, Wolfgang and Maskey, Anurag and Rasin, Alex and Ryvkina, Esther and others},
  booktitle={CIDR},
  volume={5},
  pages={277--289},
  year={2005}
}

@article{fnt-cleaning,
  title={Trends in cleaning relational data: Consistency and deduplication},
  author={Ilyas, Ihab F and Chu, Xu},
  journal={Foundatations and Trends in Databases},
  year={2015}
}